@article{Recht2018ATO,
  title={A Tour of Reinforcement Learning: The View from Continuous Control},
  author={B. Recht},
  journal={ArXiv},
  year={2018},
  volume={abs/1806.09460}
}

@inproceedings{Bertsekas2018ReinforcementLA,
  title={Reinforcement Learning and Optimal Control by},
  author={D. P. Bertsekas},
  year={2018}
}

 @InProceedings{pmlr-v120-ahmadi20a, title = {Learning Dynamical Systems with Side Information}, author = {Ahmadi, Amir Ali and Khadir, Bachir El}, pages = {718--727}, year = {2020}, editor = {Alexandre M. Bayen and Ali Jadbabaie and George Pappas and Pablo A. Parrilo and Benjamin Recht and Claire Tomlin and Melanie Zeilinger}, volume = {120}, series = {Proceedings of Machine Learning Research}, address = {The Cloud}, month = {10--11 Jun}, publisher = {PMLR}, pdf = {http://proceedings.mlr.press/v120/ahmadi20a/ahmadi20a.pdf}, url = {http://proceedings.mlr.press/v120/ahmadi20a.html}, abstract = { We present a mathematical formalism and a computational framework for the problem of learning a dynamical system from noisy observations of a few trajectories and subject to side information (e.g., physical laws or contextual knowledge). We identify six classes of side information which can be imposed by semidefinite programming and that arise naturally in many applications. We demonstrate their value on two examples from epidemiology and physics. Some density results on polynomial dynamical systems that either exactly or approximately satisfy side information are also presented. } }
 @InProceedings{pmlr-v120-allibhoy20a, title = {Data-Driven Distributed Predictive Control via Network Optimization}, author = {Allibhoy, Ahmed and Cortes, Jorge}, pages = {838--839}, year = {2020}, editor = {Alexandre M. Bayen and Ali Jadbabaie and George Pappas and Pablo A. Parrilo and Benjamin Recht and Claire Tomlin and Melanie Zeilinger}, volume = {120}, series = {Proceedings of Machine Learning Research}, address = {The Cloud}, month = {10--11 Jun}, publisher = {PMLR}, pdf = {http://proceedings.mlr.press/v120/allibhoy20a/allibhoy20a.pdf}, url = {http://proceedings.mlr.press/v120/allibhoy20a.html}, abstract = {We consider a networked linear system where system matrices are unknown to the individual agents but sampled data is available to them. We propose a data-driven method for designing a distributed linear-quadratic controller where agents learn a non-parametric system model from a single sample trajectory in which nodes can predict future trajectories using only data available to themselves and their neighbors. Based on this system representation, we propose a control scheme where a network optimization problem is solved in a receding horizon manner. We show that the proposed control scheme is stabilizing and validate our results through numerical experiments.} }

 @article{Finn2016UnsupervisedLF,
   title={Unsupervised Learning for Physical Interaction through Video Prediction},
   author={Chelsea Finn and Ian J. Goodfellow and S. Levine},
   journal={ArXiv},
   year={2016},
   volume={abs/1605.07157}
 }

 @article{Finn2017ModelAgnosticMF,
  title={Model-Agnostic Meta-Learning for Fast Adaptation of Deep Networks},
  author={Chelsea Finn and P. Abbeel and S. Levine},
  journal={ArXiv},
  year={2017},
  volume={abs/1703.03400}
}
@article{Hornik1991ApproximationCO,
  title={Approximation capabilities of multilayer feedforward networks},
  author={K. Hornik},
  journal={Neural Networks},
  year={1991},
  volume={4},
  pages={251-257}
}
@INPROCEEDINGS{8463189,

  author={A. {Nagabandi} and G. {Kahn} and R. S. {Fearing} and S. {Levine}},

  booktitle={2018 IEEE International Conference on Robotics and Automation (ICRA)},

  title={Neural Network Dynamics for Model-Based Deep Reinforcement Learning with Model-Free Fine-Tuning},

  year={2018},

  volume={},

  number={},

  pages={7559-7566},}

  @article{BelbutePeres2020CombiningDP,
    title={Combining Differentiable PDE Solvers and Graph Neural Networks for Fluid Flow Prediction},
    author={Filipe de Avila Belbute-Peres and Thomas D. Economon and J. Z. Kolter},
    journal={ArXiv},
    year={2020},
    volume={abs/2007.04439}
  }
  @article{Agrawal2019DifferentiableCO,
    title={Differentiable Convex Optimization Layers},
    author={Akshay Agrawal and Brandon Amos and S. Barratt and Stephen P. Boyd and Steven Diamond and J. Z. Kolter},
    journal={ArXiv},
    year={2019},
    volume={abs/1910.12430}
  }
  @inproceedings{BelbutePeres2018EndtoEndDP,
    title={End-to-End Differentiable Physics for Learning and Control},
    author={Filipe de Avila Belbute-Peres and K. Smith and Kelsey R. Allen and J. Tenenbaum and J. Z. Kolter},
    booktitle={NeurIPS},
    year={2018}
  }
  @article{Shi2019NeuralLS,
    title={Neural Lander: Stable Drone Landing Control Using Learned Dynamics},
    author={G. Shi and Xichen Shi and M. O'Connell and R. Yu and Kamyar Azizzadenesheli and Anima Anandkumar and Yisong Yue and Soon-Jo Chung},
    journal={2019 International Conference on Robotics and Automation (ICRA)},
    year={2019},
    pages={9784-9790}
  }
  @inproceedings{Sutton1998IntroductionTR,
  title={Introduction to Reinforcement Learning},
  author={R. Sutton and A. Barto},
  year={1998}
}
@article{Kullback1951ONIA,
  title={ON INFORMATION AND SUFFICIENCY},
  author={S. Kullback and R. A. Leibler},
  journal={Annals of Mathematical Statistics},
  year={1951},
  volume={22},
  pages={79-86}
}
@inproceedings{Sutton1998IntroductionTR,
  title={Introduction to Reinforcement Learning},
  author={R. Sutton and A. Barto},
  year={1998}
}
@article{Levine2018ReinforcementLA,
  title={Reinforcement Learning and Control as Probabilistic Inference: Tutorial and Review},
  author={S. Levine},
  journal={ArXiv},
  year={2018},
  volume={abs/1805.00909}
}
@inproceedings{Ho2016GenerativeAI,
  title={Generative Adversarial Imitation Learning},
  author={Jonathan Ho and S. Ermon},
  booktitle={NIPS},
  year={2016}
}
@inproceedings{Hewing2020LearningBasedMP,
  title={Learning-Based Model Predictive Control: Toward Safe Learning in Control},
  author={Lukas Hewing and K. P. Wabersich and M. Menner and Melanie N. Zeilinger},
  year={2020}
}

@article{Mohan2020EmbeddingHP,
  title={Embedding Hard Physical Constraints in Neural Network Coarse-Graining of 3D Turbulence.},
  author={A. Mohan and N. Lubbers and D. Livescu and M. Chertkov},
  journal={arXiv: Computational Physics},
  year={2020}
}

@article{Blundell2015WeightUI,
  title={Weight Uncertainty in Neural Networks},
  author={Charles Blundell and Julien Cornebise and K. Kavukcuoglu and Daan Wierstra},
  journal={ArXiv},
  year={2015},
  volume={abs/1505.05424}
}

@inproceedings{Schulman2015TrustRP,
  title={Trust Region Policy Optimization},
  author={John Schulman and S. Levine and P. Abbeel and Michael I. Jordan and P. Moritz},
  booktitle={ICML},
  year={2015}
}
@inproceedings{Gal2017ConcreteD,
  title={Concrete Dropout},
  author={Yarin Gal and J. Hron and Alex Kendall},
  booktitle={NIPS},
  year={2017}

}
@article{Williams1992SimpleSG,
  title={Simple statistical gradient-following algorithms for connectionist reinforcement learning},
  author={R. J. Williams},
  journal={Machine Learning},
  year={1992},
  volume={8},
  pages={229-256}
}




@inproceedings{Bertsekas1996NeuroDynamicP,
  title={Neuro-Dynamic Programming},
  author={D. Bertsekas and J. Tsitsiklis},
  booktitle={Encyclopedia of Machine Learning},
  year={1996}
}
